% Optimal Thruster Configuration
@INPROCEEDINGS{724320,
	author={Pierrot, F. and Benoit, M. and Dauchez, P.},
	booktitle={OCEANS '98 Conference Proceedings},
	title={Optimal thruster configuration for omni-directional underwater vehicles. SamoS: a Pythagorean solution},
	year={1998},
	month={sep-1 oct},
	volume={2},
	number={},
	pages={655 -659 vol.2},
	keywords={Pythagorean golden ratio;SamoS;isotropy;manipulability;omni-directional underwater vehicles;optimal thruster configuration;quality indexes;Jacobian matrices;mobile robots;remotely operated vehicles;underwater vehicles;},
	doi={10.1109/OCEANS.1998.724320},
	ISSN={},
}

%Color Registration of Underwater Images
@INPROCEEDINGS{4209801,
author={Yamashita, A. and Fujii, M. and Kaneko, T.},
booktitle={Robotics and Automation, 2007 IEEE International Conference on},
title={Color Registration of Underwater Images for Underwater Sensing with Consideration of Light Attenuation},
year={2007},
month={april},
volume={},
number={},
pages={4570 -4575},
keywords={color registration;computer vision;image processing;light attenuation;light intensity;object color;underwater environment;underwater images;underwater robots;underwater sensing;computer vision;image colour analysis;image registration;light absorption;},
doi={10.1109/ROBOT.2007.364183},
ISSN={1050-4729},}

% RoboSub website
@misc{website:robosub,
      author = "AUVSI Foundation",
      title = "RoboSub official website",
      note = "[Online; accessed 8-January-2012]",
      year = {2012},
      howpublished={\url{http://www.auvsifoundation.org/auvsi/foundation/competitions/robosub/}}
}

% Technical Guide for Lenses
@misc{website:computar,
      author = "Computar",
      title = "Technical Guide for Lenses",
      note = "[Online; accessed 9-January-2012]",
      year = {2012},
      howpublished={\url{http://computarganz.com/misc/Computar_Lens_Tech_0208.pdf}}
}

% Nordbergs tekniska website, POM
@misc{website:nt-pom,
      author = "Nordbergs Tekniska",
      title = "Plastics supplier",
      note = "[Online; accessed 9-January-2012]",
      year = {2012},
      howpublished={\url{http://www.nordbergstekniska.se/Product_Details.aspx?ID=1}}
}

% Nordbergs tekniska website, PMMA
@misc{website:nt-pmma,
      author = "Nordbergs Tekniska",
      title = "Plastics supplier",
      note = "[Online; accessed 9-January-2012]",
      year = {2012},
      howpublished={\url{http://www.nordbergstekniska.se/Product_Details.aspx?ID=27}}
}

% Scythe website, cooling fan manufacturer
@misc{website:scythe,
      author = "Scythe USA",
      title = "cooling fan manufacturer",
      note = "[Online; accessed10-January-2012]",
      year = {2012},
      howpublished={\url{http://www.scythe-usa.com/product/acc/066/sy1212sl12_detail.html}}
}

% Ralf2 document
@misc{website:robotikralf2,
      author = "Eriksson,J",
      title = "Robotics project RalfII",
      note = "[Online; accessed11-January-2012]",
      year = {2011},
      howpublished={\url{http://www.robotik.se/Ralf}}
}

% Automotive DC - DC supply
@misc{website:Logicsupply,
      author = "Logic supply",
      title = "M3-ATX Automotive DC-DC Power Supply, 125 W",
      note = "[Online; accessed11-January-2012]",
      year = {2012},
      howpublished={\url{http://www.logicsupply.com/products/m3_atx}}
}

% AVR design considerations
@misc{website:atmel,
      author = "Atmel",
      title = "AVR Hardware Design Considerations",
      note = "[Online; accessed10-January-2012]",
      year = {2003},
      howpublished={\url{www.atmel.com/atmel/acrobat/doc2521.pdf}}
}

% PCB design tutorial
@misc{website:alternatezone,
      author = "David, L , J.",
      title = "PCB Design Tutorial",
      note = "[Online; accessed11-January-2012]",
      year = {2004},
      howpublished={\url{http://alternatezone.com/electronics/pcbdesign.htm}}
}

%Parallel strings for lithium polymer battery
@INPROCEEDINGS{282071,
author={Schmode, P. and Welsh, J.},
booktitle={Power Sources Symposium, 1992., IEEE 35th International},
title={Design of lithium, primary battery comprising several parallel strings for high pulse current loads},
year={1992},
month={jun},
volume={},
number={},
pages={1 -3},
keywords={ Li primary cells; ambient operating temperature; cooling; current capability; design; end of discharge; high pulse current loads; overload protection; parallel strings; performance; primary battery; testing; thermal management; thermal runaway; unequal current sharing; cooling; design engineering; lithium; load (electric); primary cells; protection; testing;},
doi={10.1109/IPSS.1992.282071},

ISSN={},}

%Load sharing in lead battries
@INPROCEEDINGS{931616,
author={Han-Sik Ban and Jeong-Min Lee and Hyung-Soo Mok and Gyu-Ha Choe},
booktitle={Industrial Electronics, 2001. Proceedings. ISIE 2001. IEEE International Symposium on},
title={Load sharing improvement in parallel-operated lead acid batteries },
year={2001},
month={},
volume={2},
number={},
pages={1026 -1031 vol.2},
keywords={Pb;battery lifetime;charging current;circular-current;discharge currents;internal resistance;load current;load sharing improvement;microprocessor;parallel-operated lead acid batteries;positive grid rusting;power converter efficiency;unbalance current;voltage drop;battery chargers;computerised instrumentation;lead acid batteries;load (electric);microcomputer applications;power convertors;},
doi={10.1109/ISIE.2001.931616},
ISSN={},}

%Lithium polymer battery in warm inviroment
@INPROCEEDINGS{884251,
author={Geoffroy, D. and Pomerleau, D. and Parent, M. and Rouillard, R. and Choquette, Y. and Brouillette, D.},
booktitle={Telecommunications Energy Conference, 2000. INTELEC. Twenty-second International},
title={Lithium polymer battery in warm environment},
year={2000},
month={},
volume={},
number={},
pages={202 -209},
keywords={ARGO-TECH;BellSouth Telecommunications;Florida;Li;West Palm Beach;battery monitoring;environment parameters;lithium polymer battery;telecommunication application;telecommunication cabinet;warm environment;life testing;lithium;secondary cells;telecommunication power supplies;},
doi={10.1109/INTLEC.2000.884251},
ISSN={},}

% Sparkfun website, logic level converter
@misc{website:SF-LLC,
      author = "Sparkfun Electronics",
      title = "Logic lecer converter manufacturer",
      note = "[Online; accessed11-January-2012]",
      year = {2012},
      howpublished={\url{http://www.sparkfun.com/products/8745}}
}

% Sparkfun website, Razor IMU
@misc{website:SF-IMU,
      author = "Sparkfun Electronics",
      title = "IMU manufacturer",
      note = "[Online; accessed11-January-2012]",
      year = {2012},
      howpublished={\url{http://www.sparkfun.com/products/10736}}
}

% Seacon website
@misc{website:Seacon,
      author = "Seacon",
      title = "Underwater connector manufacturer",
      note = "[Online; accessed12-January-2012]",
      year = {2012},
      howpublished={\url{http://seaconworldwide.com/}}
}

% Dragonfly camera
@misc{website:dragonfly,
      author = "Point Gray",
      title = "Technical reference manual",
      note = "[Online; accessed13-January-2012]",
      year = {2012},
      howpublished={\url{http://www.ptgrey.com/support/downloads/index.asp/}}
}

% Voltage regulator
@misc{website:voltregulator,
      author = "Analog Devices",
      title = "Voltage regulator",
      note = "[Online; accessed12-January-2012]",
      year = {2012},
      howpublished={\url{http://megads.com/analog-devices/adp2302-datasheet.html}}
}

% Inductor
@misc{website:inductor,
      author = "WÃ¼rth Elektronik",
      title = "Shielded Power Inductor",
      note = "[Online; accessed12-January-2012]",
      year = {2012},
      howpublished={\url{http://katalog.we-online.de/kataloge/eisos?language=en&rubrik=355/356/357/388&suchwort=we\%20pd}}
}